@misc{sdgs,
  title={The 17 Sustainable Development Goals},
  author={United Nations},
  year={2015},
  howpublished = {\textsc{url:}~\url{https://sdgs.un.org/goals}},
}

@misc{COP,
  title={Conference of the Parties},
  author={United Nations},
  howpublished = {\textsc{url:}~\url{https://unfccc.int/process/bodies/supreme-bodies/conference-of-the-parties-cop}},
}

@misc{irena,
  title={World Energy Transitions Outlook 2023: 1.5°C Pathway},
  author={International Renewable Energy Agency (IRENA)},
  volume={1},
  year={2023}
}

@techreport{osti,
  title = {Research Roadmap on Grid-Forming Inverters},
  author = {Lin, Yashen and Eto, Joseph H. and Johnson, Brian B. and Flicker, Jack D. and Lasseter, Robert H. and Villegas Pico, Hugo N. and Seo, Gab-Su and Pierre, Brian J. and Ellis, Abraham},
  institution={National Renewable Energy Lab.(NREL), Golden, CO (United States)},
  doi = {10.2172/1721727},
  url = {https://www.osti.gov/biblio/1721727}, 
  place = {United States},
  year = {2020},
  month = {11}
}

@techreport{denholm2020inertia,
  title={Inertia and the power grid: A guide without the spin},
  author={Denholm, Paul and Mai, Trieu and Kenyon, Richard Wallace and Kroposki, Benjamin and O'Malley, Mark},
  year={2020},
  institution={National Renewable Energy Lab.(NREL), Golden, CO (United States)}
}

@article{alam2020challenges,
  author={Alam, Md. Shafiul and Al-Ismail, Fahad Saleh and Salem, Aboubakr and Abido, Mohammad A.},
  journal={IEEE Access}, 
  title={High-Level Penetration of Renewable Energy Sources Into Grid Utility: Challenges and Solutions}, 
  year={2020},
  volume={8},
  number={},
  pages={190277-190299},
  doi={10.1109/ACCESS.2020.3031481}
}

@techreport{taylor2021application,
  title={Application of Advanced Grid-Scale Inverters in the NEM},
  author={Taylor, Eloise},
  year={2021},
  institution={Australian Energy Market Operator}
}

@inproceedings{ndreko2018grid,
  title={Grid forming control for stable power systems with up to 100\% inverter based generation: a paradigm scenario using the IEEE 118-bus system},
  author={Ndreko, Mario and R{\"u}berg, Sven and Winter, Wilhelm},
  booktitle={Proceedings of the 17th International Wind Integration Workshop, Stockholm, Sweden},
  pages={16--18},
  year={2018}
}

@inproceedings{pattabiraman2018comparison,
  author={Pattabiraman, Dinesh and Lasseter., R. H. and Jahns, T. M.},
  booktitle={2018 IEEE Power \& Energy Society General Meeting (PESGM)}, 
  title={Comparison of Grid Following and Grid Forming Control for a High Inverter Penetration Power System}, 
  year={2018},
  volume={},
  number={},
  pages={1-5},
  doi={10.1109/PESGM.2018.8586162}
}

@article{paquette2015virtual,
  author={Paquette, Andrew D. and Divan, Deepak M.},
  journal={IEEE Transactions on Industry Applications}, 
  title={Virtual Impedance Current Limiting for Inverters in Microgrids With Synchronous Generators}, 
  year={2015},
  volume={51},
  number={2},
  pages={1630-1638},
  keywords={Impedance;Voltage control;Limiting;Inverters;Transient analysis;Generators;Frequency control;Current control;current limiting;generators;inverters;microgrids;virtual impedance;voltage control},
  doi={10.1109/TIA.2014.2345877}
}

@inproceedings{beck2007vsm,
  author={Beck, Hans-Peter and Hesse, Ralf},
  booktitle={2007 9th International Conference on Electrical Power Quality and Utilisation}, 
  title={Virtual synchronous machine}, 
  year={2007},
  volume={},
  number={},
  pages={1-6},
  doi={10.1109/EPQU.2007.4424220}
}

@inproceedings{zhang2013vsm,
  author={Zhang, Chang-Hua and Zhong, Qing-Chang and Meng, Jin-Song and Chen, Xin and Huang, Qi and Chen, Shu-heng and Lv, Zhi-peng},
  booktitle={2nd IET Renewable Power Generation Conference (RPG 2013)}, 
  title={An improved synchronverter model and its dynamic behaviour comparison with synchronous generator}, 
  year={2013},
  volume={},
  number={},
  pages={1-4},
  doi={10.1049/cp.2013.1879}
}

@article{alipoor2015power,
  author={Alipoor, Jaber and Miura, Yushi and Ise, Toshifumi},
  journal={IEEE Journal of Emerging and Selected Topics in Power Electronics}, 
  title={Power System Stabilization Using Virtual Synchronous Generator With Alternating Moment of Inertia}, 
  year={2015},
  volume={3},
  number={2},
  pages={451-458},
  doi={10.1109/JESTPE.2014.2362530}
}

@article{zhong2011synchronverter,
  author={Zhong, Qing-Chang and Weiss, George},
  journal={IEEE Transactions on Industrial Electronics}, 
  title={Synchronverters: Inverters That Mimic Synchronous Generators}, 
  year={2011},
  volume={58},
  number={4},
  pages={1259-1267},
  doi={10.1109/TIE.2010.2048839}
}

@inproceedings{visscher2008vsg,
  author={Driesen, J. and Visscher, K.},
  booktitle={2008 IEEE Power and Energy Society General Meeting - Conversion and Delivery of Electrical Energy in the 21st Century}, 
  title={Virtual synchronous generators}, 
  year={2008},
  volume={},
  number={},
  pages={1-3},
  doi={10.1109/PES.2008.4596800}
}

@article{hirase2013grid,
  title={A grid-connected inverter with virtual synchronous generator model of algebraic type},
  author={Hirase, Yuko and Abe, Kazuhiro and Sugimoto, Kazushige and Shindo, Yuji},
  journal={Electrical Engineering in Japan},
  volume={184},
  number={4},
  pages={10--21},
  year={2013},
  publisher={Wiley Online Library}
}
@article{hirase2016analysis,
  author={Hirase, Yuko and Sugimoto, Kazushige and Sakimoto, Kenichi and Ise, Toshifumi},
  journal={IEEE Journal of Emerging and Selected Topics in Power Electronics}, 
  title={Analysis of Resonance in Microgrids and Effects of System Frequency Stabilization Using a Virtual Synchronous Generator}, 
  year={2016},
  volume={4},
  number={4},
  pages={1287-1298},
  keywords={Inverters;Microgrids;Mathematical model;Generators;Power system stability;Batteries;Voltage measurement;Distributed power generation;generators;inverters;microgrids;power system stability},
  doi={10.1109/JESTPE.2016.2581818}
}


@INPROCEEDINGS{sakimoto2011stabilization,
  author={Sakimoto, K. and Miura, Y. and Ise, T.},
  booktitle={8th International Conference on Power Electronics - ECCE Asia}, 
  title={Stabilization of a power system with a distributed generator by a Virtual Synchronous Generator function}, 
  year={2011},
  volume={},
  number={},
  pages={1498-1505},
  doi={10.1109/ICPE.2011.5944492}
}

@article{liu2017vsg,
  author={Liu, Jia and Miura, Yushi and Bevrani, Hassan and Ise, Toshifumi},
  journal={IEEE Transactions on Smart Grid}, 
  title={Enhanced Virtual Synchronous Generator Control for Parallel Inverters in Microgrids}, 
  year={2017},
  volume={8},
  number={5},
  pages={2268-2277},
  doi={10.1109/TSG.2016.2521405}
}

@inproceedings{chen2011vsm,
  author={Chen, Yong and Hesse, Ralf and Turschner, Dirk and Beck, Hans-Peter},
  booktitle={2011 International Conference on Power Engineering, Energy and Electrical Drives}, 
  title={Improving the grid power quality using virtual synchronous machines}, 
  year={2011},
  volume={},
  number={},
  pages={1-6},
  doi={10.1109/PowerEng.2011.6036498}
}

@article{chen2020modeling,
  author={Chen, Meng and Zhou, Dao and Blaabjerg, Frede},
  journal={Journal of Modern Power Systems and Clean Energy}, 
  title={Modelling, Implementation, and Assessment of Virtual Synchronous Generator in Power Systems}, 
  year={2020},
  volume={8},
  number={3},
  pages={399-411},
  doi={10.35833/MPCE.2019.000592}
}

@inproceedings{chen2011improving,
  title={Improving the grid power quality using virtual synchronous machines},
  author={Chen, Yong and Hesse, Ralf and Turschner, Dirk and Beck, Hans-Peter},
  booktitle={2011 international conference on power engineering, energy and electrical drives},
  pages={1--6},
  year={2011},
  organization={IEEE}
}

@inproceedings{chen2012comparison,
  title={Comparison of methods for implementing virtual synchronous machine on inverters},
  author={Chen, Yong and Hesse, Ralf and Turschner, Dirk and Beck, Hans-Peter},
  booktitle={International conference on renewable energies and power quality},
  volume={1},
  number={},
  year={2012}
}

@INPROCEEDINGS{shintai2012reactive,
  author={Shintai, Toshinobu and Miura, Yuushi and Ise, Toshifumi},
  booktitle={Proceedings of The 7th International Power Electronics and Motion Control Conference}, 
  title={Reactive power control for load sharing with virtual synchronous generator control}, 
  year={2012},
  volume={2},
  number={},
  pages={846-853},
  doi={10.1109/IPEMC.2012.6258956}
}

@phdthesis{liu2016studies,
  title={Studies on Improving Dynamic Performance of Microgrids by Applying Virtual Synchronous Generator Control to Distributed Generators},
  author={Liu, Jia},
  year={2016},
  school={Osaka University}
}

% Very relevant!!
@ARTICLE{rocabert2012voltage,
  author={Rocabert, Joan and Luna, Alvaro and Blaabjerg, Frede and Rodríguez, Pedro},
  journal={IEEE Transactions on Power Electronics}, 
  title={Control of Power Converters in AC Microgrids}, 
  year={2012},
  volume={27},
  number={11},
  pages={4734-4749},
  keywords={Voltage control;Synchronization;Impedance;Frequency conversion;Generators;Reactive power;Frequency control;Active and reactive power droop control;ancillary services;distributed energy resources;distributed generation (DG);grid converter control;grid synchronization;microgrids},
  doi={10.1109/TPEL.2012.2199334}
}

@ARTICLE{zhong2014self,
  author={Zhong, Qing-Chang and Nguyen, Phi-Long and Ma, Zhenyu and Sheng, Wanxing},
  journal={IEEE Transactions on Power Electronics}, 
  title={Self-Synchronized Synchronverters: Inverters Without a Dedicated Synchronization Unit}, 
  year={2014},
  volume={29},
  number={2},
  pages={617-630},
  keywords={Synchronization;Voltage control;Inverters;Frequency synchronization;Reactive power;Frequency control;Phase locked loops;Droop control;grid connection;microgrid;PLL;renewable energy;smart grid integration;synchronization;synchronverters;virtual synchronous machines},
  doi={10.1109/TPEL.2013.2258684}
}

@article{shuai2017characteristics,
  title={Characteristics and restraining method of fast transient inrush fault currents in synchronverters},
  author={Shuai, Zhikang and Huang, Wen and Shen, Chao and Ge, Jun and Shen, Z John},
  journal={IEEE Transactions on Industrial Electronics},
  volume={64},
  number={9},
  pages={7487--7497},
  year={2017},
  publisher={IEEE}
}

@inproceedings{darco2013control,
  author={D'Arco, Salvatore and Suul, Jon Are and Fosso, Olav B.},
  booktitle={2013 IEEE Energy Conversion Congress and Exposition}, 
  title={Control system tuning and stability analysis of Virtual Synchronous Machines}, 
  year={2013},
  volume={},
  number={},
  pages={2664-2671},
  keywords={Tuning;Voltage control;Eigenvalues and eigenfunctions;Sensitivity;Control systems;Power system stability;Stability analysis},
  doi={10.1109/ECCE.2013.6647045}
}

@inproceedings{darco2014small,
  author={D'Arco, Salvatore and Suul, Jon Are and Fosso, Olav B.},
  booktitle={2014 Power Systems Computation Conference}, 
  title={Small-signal modelling and parametric sensitivity of a Virtual Synchronous Machine}, 
  year={2014},
  volume={},
  number={},
  pages={1-9},
  keywords={Phase locked loops;Voltage control;Mathematical model;Damping;Equations;Synchronous machines;Power Electronic Control;Small-signal Stability;Virtual Synchronous Machine},
  doi={10.1109/PSCC.2014.7038410}
}

@article{darco2015vsm,
  title = {A Virtual Synchronous Machine implementation for distributed control of power converters in SmartGrids},
  journal = {Electric Power Systems Research},
  volume = {122},
  pages = {180-197},
  year = {2015},
  issn = {0378-7796},
  doi = {https://doi.org/10.1016/j.epsr.2015.01.001},
  url = {https://www.sciencedirect.com/science/article/pii/S0378779615000024},
  author = {Salvatore D'Arco and Jon Are Suul and Olav B. Fosso},
}

@article{tayyebi2020power,
  author={Tayyebi, Ali and Groß, Dominic and Anta, Adolfo and Kupzog, Friederich and Dörfler, Florian},
  journal={IEEE Journal of Emerging and Selected Topics in Power Electronics}, 
  title={Frequency Stability of Synchronous Machines and Grid-Forming Power Converters}, 
  year={2020},
  volume={8},
  number={2},
  pages={1004-1018},
  keywords={Power system dynamics;Power system stability;Synchronous machines;Load modeling;Frequency conversion;Voltage control;Windings;Frequency stability;grid-forming converters (GFCs);low-inertia power system;synchronous machines (SMs)},
  doi={10.1109/JESTPE.2020.2966524}
}

@article{ma2017vsg,
  author={Ma, Yiwei and Cao, Wenchao and Yang, Liu and Wang, Fei and Tolbert, Leon M.},
  journal={IEEE Transactions on Industrial Electronics}, 
  title={Virtual Synchronous Generator Control of Full Converter Wind Turbines With Short-Term Energy Storage}, 
  year={2017},
  volume={64},
  number={11},
  pages={8821-8831},
  keywords={Energy storage;Wind turbines;Voltage control;Load modeling;Synchronous generators;Energy storage;grid-connected;maximum power point tracking (MPPT);stand-alone;virtual synchronous generator (VSG);wind turbine (WT)},
  doi={10.1109/TIE.2017.2694347}
}

@inproceedings{zhang2013improved,
  author={Zhang, Chang-Hua and Zhong, Qing-Chang and Meng, Jin-Song and Chen, Xin and Huang, Qi and Chen, Shu-heng and Lv, Zhi-peng},
  booktitle={2nd IET Renewable Power Generation Conference (RPG 2013)}, 
  title={An improved synchronverter model and its dynamic behaviour comparison with synchronous generator}, 
  year={2013},
  volume={},
  number={},
  pages={1-4},
  keywords={Inverter;synchronverter;microgrid;synchronous generator;virtual synchronous generator (VSG)},
  doi={10.1049/cp.2013.1879}
}

@article{du2020comparative,
  author={Du, Wei and Chen, Zhe and Schneider, Kevin P. and Lasseter, Robert H. and Pushpak Nandanoori, Sai and Tuffner, Francis K. and Kundu, Soumya},
  journal={IEEE Journal of Emerging and Selected Topics in Power Electronics}, 
  title={A Comparative Study of Two Widely Used Grid-Forming Droop Controls on Microgrid Small-Signal Stability}, 
  year={2020},
  volume={8},
  number={2},
  pages={963-975},
  doi={10.1109/JESTPE.2019.2942491}
}

@book{ishizaki2020,
  title={System Control Engineering of Power Systems (In Japanese)},
  author={Ishizaki, Takayuki and Kawaguchi, Takahiro and Kawabe, Kenichi},
  year={2010},
  publisher={Corona Publishing}
}

@book{yazdani2010voltage,
  title={Voltage-sourced converters in power systems: modeling, control, and applications},
  author={Yazdani, Amirnaser and Iravani, Reza},
  year={2010},
  publisher={John Wiley \& Sons}
}

@book{blaabjerg2018control,
  title={Control of Power Electronic Converters and Systems: Volume 2},
  author={Blaabjerg, Frede},
  volume={2},
  year={2018},
  publisher={Academic Press}
}

@phdthesis{knazkins2004stability,
  title={Stability of power systems with large amounts of distributed generation},
  author={Knazkins, Valerijs},
  year={2004},
  school={Elektrotekniska system}
}

@misc{guilda,
  title={Grid \& Utility Infrastructure Linkage Dynamics Analyzer},
  author={Kawaguchi, Takahiro and Ishizaki, Takayuki},
  year={2022},
  howpublished = {\textsc{url:}~\url{https://www.ishizaki-lab.jp/guilda}},
}

@article{ishizaki2023,
  title={「電力系統のシステム制御工学 ―システム数理とMATLABシミュレーション―(計測・制御セレクションシリーズ4)」（石崎孝幸編著，川口貴弘，河辺賢一共著）},
  author={豊田 充},
  journal={計測と制御},
  volume={62},
  number={10},
  pages={640-640},
  year={2023},
  doi={10.11499/sicejl.62.640}
}

@book{sauer2017power,
  title={Power system dynamics and stability: with synchrophasor measurement and power system toolbox},
  author={Sauer, Peter W and Pai, Mangalore A and Chow, Joe H},
  year={2017},
  publisher={John Wiley \& Sons}
}

@book{krause2002analysis,
  title={Analysis of electric machinery and drive systems},
  author={Krause, Paul C and Wasynczuk, Oleg and Sudhoff, Scott D and Pekarek, Steven},
  volume={2},
  year={2002},
  publisher={Wiley Online Library}
}

@book{kundur2022power,
  title={Power System Stability and Control},
  author={Kundur, Prabha S and Malik, Om P},
  year={2022},
  publisher={McGraw Hill}
}

@misc{siva2022modeling,
  title={Synchronous Machine Modeling},
  author={Sivasubramani, S},
  year={2022},
  howpublished = {\textsc{url:}~\url{https://www.iitp.ac.in/~siva/2022/ee549/Synchronous\_Machine\_Modelling.pdf}},
}

@book{purcell2013magnetism,
  title={Electricity and Magnetism},
  author={Purcell, Edward M and Morin, David J},
  year={2013},
  publisher={Cambridge University Press}
}